<?xml version="1.0" encoding="UTF-8"?><collection xmlns="http://www.loc.gov/MARC21/slim"><record><leader>00432nam--2200157-i-4500</leader><controlfield tag="001">000029845</controlfield><controlfield tag="002">20161230</controlfield><controlfield tag="005">20161230201037</controlfield><controlfield tag="008">060222s1000------------r-----000-0-eng-d</controlfield><datafield ind1=" " ind2=" " tag="040"><subfield code="a">IFIN-HH</subfield></datafield><datafield ind1=" " ind2=" " tag="100"><subfield code="a">Lowan, Arnold N</subfield></datafield><datafield ind1=" " ind2=" " tag="245"><subfield code="a">Table of sine, cosine and exponential integrals</subfield></datafield><datafield ind1=" " ind2=" " tag="260"><subfield code="a">NEW YORK, NATIONAL BUREAU OF STANDARDS, 1940, XXVI + 447 p</subfield></datafield><datafield ind1=" " ind2=" " tag="490"><subfield code="v">vol.1</subfield></datafield><datafield ind1=" " ind2=" " tag="852"><subfield code="a">1999</subfield><subfield code="c">518.2</subfield></datafield><datafield ind1=" " ind2=" " tag="CAT"><subfield code="a">Sys</subfield><subfield code="c">20090707</subfield><subfield code="h">113947</subfield></datafield></record></collection>